@STRING{NF = {Nucl. Fusion}}

@STRING{NIM = {Nucl. Instr. and Meth.}}

@STRING{PoF = {Phys. Fluids}}

@STRING{PoFB = {Phys. Fluids B}}

@STRING{PoP = {Phys. Plasmas}}

@STRING{PPCF = {Plasma Phys. Control. Fusion}}

@STRING{PRL = {Phys. Rev. Lett.}}

@STRING{REVMOD = {Rev. Mod. Phys.}}

@STRING{RSI = {Rev. Sci. Instrum.}}

@STRING{CPC = {Comput. Phys. Comm.}}

@STRING{JNM = {J. Nucl. Mater.}}

@STRING{JCP = {J. Comput. Phys.}}


@ARTICLE{Hirshman:NF1981,
  author = {{S.P. Hirshman and D.J. Sigmar}},
  journal = NF,
  year = {1981},
  volume = {21},
  pages = {1079},
}

@ARTICLE{Camenen:PoP2016,
  author = {{Y. Camenen \textit{et al.}}},
  journal = PoP,
  year = {2016},
  volume = {23},
  pages = {022507},
}
@ARTICLE{Hinton:PoF1985,
  author = {{F.L. Hinton and S.K. Wong}},
  journal = PoF,
  year = {1985},
  volume = {28},
  pages = {3082},
}

@ARTICLE{Bortolon:NF2013,
  author = {{A. Bortolon \textit{et al.}}},
  journal = NF,
  year = {2013},
  volume = {53},
  pages = {023002},
}

@ARTICLE{Sauter:CPC2013,
  author = {{O. Sauter and S.Yu. Medvedev}},
  journal = CPC,
  year = {2013},
  volume = {184},
  pages = {293},
}

@ARTICLE{Merlo:PoP2016,
  author = {{G. Merlo, O. Sauter, \textit{et al.}}},
  journal = PoP,
  year = {2016},
  volume = {23},
  pages = {032104},
}

@ARTICLE{Candy:PPCF2009,
  author = {{J. Candy}},
  journal = PPCF,
  year = {2009},
  volume = {51},
  pages = {105009},
}

@ARTICLE{Hinton:RMP1976,
  author = {{F.L. Hinton and R.D. Hazeltine}},
  journal = REVMOD,
  year = {1976},
  volume = {48},
  pages = {239},
}
