@STRING{NF = {Nucl. Fusion}}

@STRING{NIM = {Nucl. Instr. and Meth.}}

@STRING{PoF = {Phys. Fluids}}

@STRING{PoFB = {Phys. Fluids B}}

@STRING{PoP = {Phys. Plasmas}}

@STRING{PPCF = {Plasma Phys. Control. Fusion}}

@STRING{PRL = {Phys. Rev. Lett.}}

@STRING{REVMOD = {Rev. Mod. Phys.}}

@STRING{REVSCI = {Rev. Sci. Instrum.}}

@STRING{CPC = {Comput. Phys. Commun.}}

@STRING{PFR = {Plasma Fusion Res.}}

@STRING{JPCS = {J. Phys.: Conf. Ser.}}

@STRING{CSD = {Comput. Sci. Disc.}}

@STRING{JCP = {J. Comput. Phys.}}



% CPC paper
@ARTICLE{Peeters:CPC09,
	author = {{A.G. Peeters, Y. Camenen, F.J. Casson, W.A. Hornsby, A.P. Snodin, D. Strintzi, G. Szepesi}},
	journal = CPC,
	year = {2009},
	volume = {180},
	pages = {2650},
	url = {https://bitbucket.org/gkw/gkw/},
}

@misc{GKW:manual,
	howpublished = {\url{http://www.gkw.org.uk/tikiwiki/Manual}},
}

@misc{GKW:wiki,
	howpublished = {\url{https://bitbucket.org/gkw/gkw/overview}},
}

@misc{GKDB:wiki,
	howpublished = {\url{https://github.com/gkdb/gkdb/wiki}},
}
